@article{Kearney:2014,
  title={Textual sentiment in finance: A survey of methods and models},
  author={Kearney, Colm and Liu, Sha},
  journal={International Review of Financial Analysis},
  volume={33},
  pages={171--185},
  year={2014},
  publisher={Elsevier}
}

@article{Jegadeesh:2013,
  title={Word power: A new approach for content analysis},
  author={Jegadeesh, Narasimhan and Wu, Di},
  journal={Journal of financial economics},
  volume={110},
  number={3},
  pages={712--729},
  year={2013},
  publisher={Elsevier}
}

@article{Loughran:2011,
  title={When is a liability not a liability? Textual analysis, dictionaries, and 10-Ks},
  author={Loughran, Tim and McDonald, Bill},
  journal={The Journal of finance},
  volume={66},
  number={1},
  pages={35--65},
  year={2011},
  publisher={Wiley Online Library}
}

@article{Li:2010,
  title={The information content of forward-looking statements in corporate filingsâ€”A na{\"\i}ve Bayesian machine learning approach},
  author={Li, Feng},
  journal={Journal of Accounting Research},
  volume={48},
  number={5},
  pages={1049--1102},
  year={2010},
  publisher={Wiley Online Library}
}

@article{Henry:2008,
  title={Are investors influenced by how earnings press releases are written?},
  author={Henry, Elaine},
  journal={The Journal of Business Communication (1973)},
  volume={45},
  number={4},
  pages={363--407},
  year={2008},
  publisher={SAGE Publications Sage CA: Los Angeles, CA}
}

@article{Tetlock:2007,
  title={Giving content to investor sentiment: The role of media in the stock market},
  author={Tetlock, Paul C},
  journal={The Journal of finance},
  volume={62},
  number={3},
  pages={1139--1168},
  year={2007},
  publisher={Wiley Online Library}
}

@article{Engelberg:2012,
  title={How are shorts informed?: Short sellers, news, and information processing},
  author={Engelberg, Joseph E and Reed, Adam V and Ringgenberg, Matthew C},
  journal={Journal of Financial Economics},
  volume={105},
  number={2},
  pages={260--278},
  year={2012},
  publisher={Elsevier}
}

@article{Tetlock:2008,
  title={More than words: Quantifying language to measure firms' fundamentals},
  author={Tetlock, Paul C and Saar-Tsechansky, Maytal and Macskassy, Sofus},
  journal={The Journal of Finance},
  volume={63},
  number={3},
  pages={1437--1467},
  year={2008},
  publisher={Wiley Online Library}
}

@article{Chen:2014,
  title={Wisdom of crowds: The value of stock opinions transmitted through social media},
  author={Chen, H and De, Prabuddha and Hu, Yu Jeffrey and Hwang, Byoung-Hyoun},
  journal={The Review of Financial Studies},
  volume={27},
  number={5},
  pages={1367--1403},
  year={2014},
  publisher={Oxford University Press}
}

@article{Algaba:2020,
  title={Econometrics meets sentiment: An overview of methodology and applications},
  author={Algaba, Andres and Ardia, David and Bluteau, Keven and Borms, Samuel and Boudt, Kris},
  journal={Journal of Economic Surveys},
  volume={34},
  number={3},
  pages={512--547},
  year={2020},
  publisher={Wiley Online Library}
}

@article{Antweiler:2004,
  title={Is all that talk just noise? The information content of internet stock message boards},
  author={Antweiler, Werner and Frank, Murray Z},
  journal={The Journal of finance},
  volume={59},
  number={3},
  pages={1259--1294},
  year={2004},
  publisher={Wiley Online Library}
}

@article{Bollen:2011,
  title={Twitter mood predicts the stock market},
  author={Bollen, Johan and Mao, Huina and Zeng, Xiaojun},
  journal={Journal of computational science},
  volume={2},
  number={1},
  pages={1--8},
  year={2011},
  publisher={Elsevier}
}

@article{Loughran:2016,
  title={Textual analysis in accounting and finance: A survey},
  author={Loughran, Tim and McDonald, Bill},
  journal={Journal of Accounting Research},
  volume={54},
  number={4},
  pages={1187--1230},
  year={2016},
  publisher={Wiley Online Library}
}

@techreport{Ke:2019,
  title={Predicting returns with text data},
  author={Ke, Zheng Tracy and Kelly, Bryan T and Xiu, Dacheng},
  year={2019},
  institution={National Bureau of Economic Research}
}

@inproceedings{Hamilton:2016,
  title={Inducing domain-specific sentiment lexicons from unlabeled corpora},
  author={Hamilton, William L and Clark, Kevin and Leskovec, Jure and Jurafsky, Dan},
  booktitle={Proceedings of the conference on empirical methods in natural language processing. conference on empirical methods in natural language processing},
  volume={2016},
  pages={595},
  year={2016},
  organization={NIH Public Access}
}

@article{An:2018,
  title={SemAxis: A lightweight framework to characterize domain-specific word semantics beyond sentiment},
  author={An, Jisun and Kwak, Haewoon and Ahn, Yong-Yeol},
  journal={arXiv preprint arXiv:1806.05521},
  year={2018}
}

@article{Xing:2018,
  title={Natural language based financial forecasting: a survey},
  author={Xing, Frank Z and Cambria, Erik and Welsch, Roy E},
  journal={Artificial Intelligence Review},
  volume={50},
  number={1},
  pages={49--73},
  year={2018},
  publisher={Springer}
}

@article{Mikolov:2013,
  title={Distributed representations of words and phrases and their compositionality},
  author={Mikolov, Tomas and Sutskever, Ilya and Chen, Kai and Corrado, Greg and Dean, Jeffrey},
  journal={arXiv preprint arXiv:1310.4546},
  year={2013}
}

@inproceedings{Pennington:2014,
  title={Glove: Global vectors for word representation},
  author={Pennington, Jeffrey and Socher, Richard and Manning, Christopher D},
  booktitle={Proceedings of the 2014 conference on empirical methods in natural language processing (EMNLP)},
  pages={1532--1543},
  year={2014}
}

@inproceedings{Le:2014,
  title={Distributed representations of sentences and documents},
  author={Le, Quoc and Mikolov, Tomas},
  booktitle={International conference on machine learning},
  pages={1188--1196},
  year={2014},
  organization={PMLR}
}

@inproceedings{Arora:2019,
  title={A simple but tough-to-beat baseline for sentence embeddings},
  author={Arora, Sanjeev and Liang, Yingyu and Ma, Tengyu},
  booktitle={5th International Conference on Learning Representations, ICLR 2017},
  year={2019}
}

@article{Gupta:2020,
  title={Task-optimized word embeddings for text classification representations},
  author={Gupta, Sukrat and Kanchinadam, Teja and Conathan, Devin and Fung, Glenn},
  journal={Frontiers in Applied Mathematics and Statistics},
  volume={5},
  pages={67},
  year={2020},
  publisher={Frontiers}
}

@article{Sun:2016,
  title={Trade the tweet: Social media text mining and sparse matrix factorization for stock market prediction},
  author={Sun, Andrew and Lachanski, Michael and Fabozzi, Frank J},
  journal={International Review of Financial Analysis},
  volume={48},
  pages={272--281},
  year={2016},
  publisher={Elsevier}
}

@article{Moody:2016,
  title={Mixing dirichlet topic models and word embeddings to make lda2vec},
  author={Moody, Christopher E},
  journal={arXiv preprint arXiv:1605.02019},
  year={2016}
}

@article{Nassirtoussi:2014,
title = {Text mining for market prediction: A systematic review},
journal = {Expert Systems with Applications},
volume = {41},
number = {16},
pages = {7653-7670},
year = {2014},
issn = {0957-4174},
author = {Nassirtoussi, Arman and Aghabozorgi, Saeed and Ying, Teh and David Chek Ling Ngo},
keywords = {Online sentiment analysis, Social media text mining, News sentiment analysis, FOREX market prediction, Stock prediction based on news}
}

@article{Xing:2018,
  title={Natural language based financial forecasting: a survey},
  author={Xing, Frank Z and Cambria, Erik and Welsch, Roy E},
  journal={Artificial Intelligence Review},
  volume={50},
  number={1},
  pages={49--73},
  year={2018},
  publisher={Springer}
}

@article{Loughran:2020,
  title={Textual Analysis in Finance},
  author={Loughran, Tim and McDonald, Bill},
  journal={Annual Review of Financial Economics},
  volume={12},
  pages={357--375},
  year={2020},
  publisher={Annual Reviews}
}

@inproceedings{Wuthrich:1998,
  title={Daily stock market forecast from textual web data},
  author={Wuthrich, Beat and Cho, Vincent and Leung, Steven and Permunetilleke, D and Sankaran, K and Zhang, Jian},
  booktitle={SMC'98 Conference Proceedings. 1998 IEEE International Conference on Systems, Man, and Cybernetics (Cat. No. 98CH36218)},
  volume={3},
  pages={2720--2725},
  year={1998},
  organization={IEEE}
}

@techreport{Bybee:2020,
  title={The structure of economic news},
  author={Bybee, Leland and Kelly, Bryan T and Manela, Asaf and Xiu, Dacheng},
  year={2020},
  institution={National Bureau of Economic Research}
}

@article{Uysal:2014,
  title={The impact of preprocessing on text classification},
  author={Uysal, Alper Kursat and Gunal, Serkan},
  journal={Information Processing \& Management},
  volume={50},
  number={1},
  pages={104--112},
  year={2014},
  publisher={Elsevier}
}

@article{Hagenau:2013,
  title={Automated news reading: Stock price prediction based on financial news using context-capturing features},
  author={Hagenau, Michael and Liebmann, Michael and Neumann, Dirk},
  journal={Decision Support Systems},
  volume={55},
  number={3},
  pages={685--697},
  year={2013},
  publisher={Elsevier}
}

@article{Schumaker:2009,
  title={Textual analysis of stock market prediction using breaking financial news: The AZFin text system},
  author={Schumaker, Robert P and Chen, Hsinchun},
  journal={ACM Transactions on Information Systems (TOIS)},
  volume={27},
  number={2},
  pages={1--19},
  year={2009},
  publisher={ACM New York, NY, USA}
}

@inproceedings{Fung:2003,
  title={Stock prediction: Integrating text mining approach using real-time news},
  author={Fung, G Pui Cheong and Yu, J Xu and Lam, Wai},
  booktitle={2003 IEEE International Conference on Computational Intelligence for Financial Engineering, 2003. Proceedings.},
  pages={395--402},
  year={2003},
  organization={IEEE}
}

@inproceedings{Mittermayer:2004,
  title={Forecasting intraday stock price trends with text mining techniques},
  author={Mittermayer, M-A},
  booktitle={37th Annual Hawaii International Conference on System Sciences, 2004. Proceedings of the},
  pages={10--pp},
  year={2004},
  organization={IEEE}
}

@article{Sinha:2016,
  title={Underreaction to news in the US stock market},
  author={Sinha, Nitish Ranjan},
  journal={Quarterly Journal of Finance},
  volume={6},
  number={02},
  pages={1650005},
  year={2016},
  publisher={World Scientific}
}

@article{Garcia:2013,
  title={Sentiment during recessions},
  author={Garcia, Diego},
  journal={The Journal of Finance},
  volume={68},
  number={3},
  pages={1267--1300},
  year={2013},
  publisher={Wiley Online Library}
}

@article{Tasci:2013,
  title={Comparison of text feature selection policies and using an adaptive framework},
  author={Ta{\c{s}}c{\i}, {\c{S}}erafettin and G{\"u}ng{\"o}r, Tunga},
  journal={Expert Systems with Applications},
  volume={40},
  number={12},
  pages={4871--4886},
  year={2013},
  publisher={Elsevier}
}

@book{Dagum:2016,
  title={Seasonal adjustment methods and real time trend-cycle estimation},
  author={Dagum, Estela Bee and Bianconcini, Silvia},
  year={2016},
  publisher={Springer}
}

@article{ILO:2021,
  title={ILO Monitor: COVID-19 and the world of work},
  author={ILO},
  year={2021}
}

@article{Smith:2020,
  title={Global stocks head for worst week since the financial crisis amid fears of a possible pandemic},
  author={Elliot Smith},
  journal={CNBC},
  year={2020}
}

@article{He:2020,
  title={US stocks halted after falling 7\%. Global stocks plunge as oil crashes and coronavirus fear spreads},
  author={Laura He, Clare Duffy, Julia Horowitz},
  journal={CNN Business},
  year={2020}
}

@article{Lopez:2020,
  title={Europe crude, petchems prices extend losses as stocks suffer Black Thursday},
  author={Jonathan Lopez},
  journal={ICIS},
  year={2020}
}

@article{Imbert:2020,
  title={Hereâ€™s what happened to the stock market on Monday},
  author={Fred Imbert},
  journal={CNBC},
  year={2020}
}

@article{Berelson:1952,
  title={Content analysis in communication research},
  author={Bernard  Berelson},
  journal={The Free Press},
  year={1952}
}

@article{Gentzkow:2019,
  title={Text as data},
  author={Gentzkow, Matthew and Kelly, Bryan and Taddy, Matt},
  journal={Journal of Economic Literature},
  volume={57},
  number={3},
  pages={535--74},
  year={2019}
}

@article{Fisher:2016,
  title={Natural language processing in accounting, auditing and finance: A synthesis of the literature with a roadmap for future research},
  author={Fisher, Ingrid E and Garnsey, Margaret R and Hughes, Mark E},
  journal={Intelligent Systems in Accounting, Finance and Management},
  volume={23},
  number={3},
  pages={157--214},
  year={2016},
  publisher={Wiley Online Library}
}

@article{Engelberg:2012,
  title={How are shorts informed?: Short sellers, news, and information processing},
  author={Engelberg, Joseph E and Reed, Adam V and Ringgenberg, Matthew C},
  journal={Journal of Financial Economics},
  volume={105},
  number={2},
  pages={260--278},
  year={2012},
  publisher={Elsevier}
}